<?xml version="1.0" encoding="UTF-8"?><record xmlns="http://www.loc.gov/MARC21/slim" xmlns:cinclude="http://apache.org/cocoon/include/1.0" xmlns:zs="http://www.loc.gov/zing/srw/">
  <leader>00918cz  a2200217n  4500</leader>
  <controlfield tag="001">n  85211569 </controlfield>
  <controlfield tag="003">DLC</controlfield>
  <controlfield tag="005">20051019075615.0</controlfield>
  <controlfield tag="008">870217n| acannaab           |a aaa      </controlfield>
  <datafield tag="010" ind1=" " ind2=" ">
    <subfield code="a">n  85211569 </subfield>
  </datafield>
  <datafield tag="040" ind1=" " ind2=" ">
    <subfield code="a">DLC</subfield>
    <subfield code="c">DLC</subfield>
    <subfield code="d">DLC</subfield>
  </datafield>
  <datafield tag="100" ind1="1" ind2=" ">
    <subfield code="a">Śāstrī, Devakumāra</subfield>
  </datafield>
  <datafield tag="400" ind1="0" ind2=" ">
    <subfield code="a">Devakumāra Śāstrī</subfield>
  </datafield>
  <datafield tag="400" ind1="1" ind2=" ">
    <subfield code="a">Shastri, Deokumar</subfield>
  </datafield>
  <datafield tag="400" ind1="0" ind2=" ">
    <subfield code="a">Deokumar Shastri</subfield>
  </datafield>
  <datafield tag="400" ind1="1" ind2=" ">
    <subfield code="a">Śāstrī, Devendramuni</subfield>
  </datafield>
  <datafield tag="400" ind1="0" ind2=" ">
    <subfield code="a">Devendramuni Śāstrī</subfield>
  </datafield>
  <datafield tag="400" ind1="1" ind2=" ">
    <subfield code="a">Pratishṭhācārya, Devakumāra Śāstrī</subfield>
  </datafield>
  <datafield tag="400" ind1="0" ind2=" ">
    <subfield code="a">Devakumāra Śāstrī Pratishṭhācārya</subfield>
  </datafield>
  <datafield tag="670" ind1=" " ind2=" ">
    <subfield code="a">Jaina Āgama. Upāṅga. Hindi &amp; Prakrit. Selections. Nirayāvalikāsūtra, 1985:</subfield>
    <subfield code="b">t.p. (Devakumāra Śāstrī) added t.p. (Deokumar Shastri) p. 27, 1st grp. (Devendramuni ŚĀstrī)</subfield>
  </datafield>
  <datafield tag="670" ind1=" " ind2=" ">
    <subfield code="a">Jaina Kāśī Mūḍabidrī, 2005?:</subfield>
    <subfield code="b">t.p. verso (Paṇḍita Devakumāra Śāstrī "Pratishṭhācārya")</subfield>
  </datafield>
</record>